@book{brooks2011handbook,
  title={Handbook of Markov Chain Monte Carlo},
  author={Brooks, Steve and Gelman, Andrew and Jones, Galin and Meng, Xiao-Li},
  year={2011},
  publisher={CRC press}
}

@article{li2015extending,
  title={Extending approximate Bayesian computation methods to high dimensions via Gaussian copula},
  author={Li, Jingjing and Nott, David J and Fan, Yanan and Sisson, Scott A},
  journal={arXiv preprint arXiv:1504.04093},
  year={2015}
}

@article{beaumont2002approximate,
  title={Approximate Bayesian computation in population genetics},
  author={Beaumont, Mark A and Zhang, Wenyang and Balding, David J},
  journal={Genetics},
  volume={162},
  number={4},
  pages={2025--2035},
  year={2002},
  publisher={Genetics Soc America}
}

@article{marjoram2003markov,
  title={Markov chain Monte Carlo without likelihoods},
  author={Marjoram, Paul and Molitor, John and Plagnol, Vincent and Tavar{\'e}, Simon},
  journal={Proceedings of the National Academy of Sciences},
  volume={100},
  number={26},
  pages={15324--15328},
  year={2003},
  publisher={National Acad Sciences}
}

@article{ratmann2009model,
  title={Model criticism based on likelihood-free inference, with an application to protein network evolution},
  author={Ratmann, Oliver and Andrieu, Christophe and Wiuf, Carsten and Richardson, Sylvia},
  journal={Proceedings of the National Academy of Sciences},
  volume={106},
  number={26},
  pages={10576--10581},
  year={2009},
  publisher={National Acad Sciences}
}

@article{sisson2007sequential,
  title={Sequential monte carlo without likelihoods},
  author={Sisson, Scott A and Fan, Yanan and Tanaka, Mark M},
  journal={Proceedings of the National Academy of Sciences},
  volume={104},
  number={6},
  pages={1760--1765},
  year={2007},
  publisher={National Acad Sciences}
}

@article{bortot2007inference,
  title={Inference for stereological extremes},
  author={Bortot, Paola and Coles, Stuart G and Sisson, Scott A},
  journal={Journal of the American Statistical Association},
  volume={102},
  number={477},
  pages={84--92},
  year={2007},
  publisher={Taylor \& Francis}
}

@article{andrieu2007expected,
  title={The expected auxiliary variable method for Monte Carlo simulation},
  author={Andrieu, C and Doucet, A and Roberts, GO},
  journal={Unpublished paper},
  year={2007}
}

@article{blum2010non,
  title={Non-linear regression models for Approximate Bayesian Computation},
  author={Blum, Michael GB and Fran{\c{c}}ois, Olivier},
  journal={Statistics and Computing},
  volume={20},
  number={1},
  pages={63--73},
  year={2010},
  publisher={Springer}
}

@book{van2000asymptotic,
  title={Asymptotic statistics},
  author={Van der Vaart, Aad W},
  volume={3},
  year={2000},
  publisher={Cambridge university press}
}

@book{sklar1959fonctions,
  title={Fonctions de r{\'e}partition {\`a} n dimensions et leurs marges},
  author={Sklar, M},
  year={1959},
  publisher={Universit{\'e} Paris 8}
}

%% ming yuan paper
@article{yuan2007model,
  title={Model selection and estimation in the Gaussian graphical model},
  author={Yuan, Ming and Lin, Yi},
  journal={Biometrika},
  volume={94},
  number={1},
  pages={19--35},
  year={2007},
  publisher={Biometrika Trust}
}

%% elements of tatistical learning
@book{friedman2001elements,
  title={The elements of statistical learning},
  author={Friedman, Jerome and Hastie, Trevor and Tibshirani, Robert},
  volume={1},
  year={2001},
  publisher={Springer series in statistics Springer, Berlin}
}

%% friedman paper
@article{friedman2008sparse,
  title={Sparse inverse covariance estimation with the graphical lasso},
  author={Friedman, Jerome and Hastie, Trevor and Tibshirani, Robert},
  journal={Biostatistics},
  volume={9},
  number={3},
  pages={432--441},
  year={2008},
  publisher={Biometrika Trust}
}

%% big quic
@inproceedings{hsieh2013big,
  title={BIG \& QUIC: Sparse inverse covariance estimation for a million variables},
  author={Hsieh, Cho-Jui and Sustik, M{\'a}ty{\'a}s A and Dhillon, Inderjit S and Ravikumar, Pradeep K and Poldrack, Russell},
  booktitle={Advances in Neural Information Processing Systems},
  pages={3165--3173},
  year={2013}
}

@article{yin2012model,
  title={Model selection and estimation in the matrix normal graphical model},
  author={Yin, Jianxin and Li, Hongzhe},
  journal={Journal of multivariate analysis},
  volume={107},
  pages={119--140},
  year={2012},
  publisher={Elsevier}
}

@article{dawid1981some,
  title={Some matrix-variate distribution theory: notational considerations and a Bayesian application},
  author={Dawid, A Philip},
  journal={Biometrika},
  volume={68},
  number={1},
  pages={265--274},
  year={1981},
  publisher={Biometrika Trust}
}

@article{wang2009bayesian,
  title={Bayesian analysis of matrix normal graphical models},
  author={Wang, Hao and West, Mike},
  journal={Biometrika},
  volume={96},
  number={4},
  pages={821--834},
  year={2009},
  publisher={Biometrika Trust}
}