%% elements of tatistical learning
@book{friedman2001elements,
  title={The elements of statistical learning},
  author={Friedman, Jerome and Hastie, Trevor and Tibshirani, Robert},
  volume={1},
  year={2001},
  publisher={Springer series in statistics Springer, Berlin}
}

%% ming yuan paper
@article{yuan2007model,
  title={Model selection and estimation in the Gaussian graphical model},
  author={Yuan, Ming and Lin, Yi},
  journal={Biometrika},
  volume={94},
  number={1},
  pages={19--35},
  year={2007},
  publisher={Biometrika Trust}
}

%% big quic
@inproceedings{hsieh2013big,
  title={BIG \& QUIC: Sparse inverse covariance estimation for a million variables},
  author={Hsieh, Cho-Jui and Sustik, M{\'a}ty{\'a}s A and Dhillon, Inderjit S and Ravikumar, Pradeep K and Poldrack, Russell},
  booktitle={Advances in Neural Information Processing Systems},
  pages={3165--3173},
  year={2013}
}

%% friedman paper
@article{friedman2008sparse,
  title={Sparse inverse covariance estimation with the graphical lasso},
  author={Friedman, Jerome and Hastie, Trevor and Tibshirani, Robert},
  journal={Biostatistics},
  volume={9},
  number={3},
  pages={432--441},
  year={2008},
  publisher={Biometrika Trust}
}


@article{ben2007bayesian,
  title={Bayesian networks},
  author={Ben-Gal, Irad},
  journal={Encyclopedia of statistics in quality and reliability},
  year={2007},
  publisher={Wiley Online Library}
}

@misc{fig1,
  title = {{Bayesian Network} An example},
  howpublished = {\url{http://www.pr-owl.org/basics/bn.php}},
  note = {Accessed: 2015-12-03}
}

@misc{fig2,
  title = {{Markov Random field} An example},
  howpublished = {\url{https://github.com/tansey/vsmrfs}},
  note = {Accessed: 2015-12-03}
}

%% michael jordan's article
@article{wainwright2008graphical,
  title={Graphical models, exponential families, and variational inference},
  author={Wainwright, Martin J and Jordan, Michael I},
  journal={Foundations and Trends{\textregistered} in Machine Learning},
  volume={1},
  number={1-2},
  pages={1--305},
  year={2008},
  publisher={Now Publishers Inc.}
}

%% banerjee paper
@article{banerjee2008model,
  title={Model selection through sparse maximum likelihood estimation for multivariate gaussian or binary data},
  author={Banerjee, Onureena and El Ghaoui, Laurent and d'Aspremont, Alexandre},
  journal={The Journal of Machine Learning Research},
  volume={9},
  pages={485--516},
  year={2008},
  publisher={JMLR. org}
}